@article{Gentile2011,
  title   = "Neutron charge radius and the neutron electric form factor",
  journal = "Physical Review C",
  volume  = "83",
  pages   = "055203",
  year    = "2011",
  doi     = "http://dx.doi.org/10.1103/PhysRevC.83.055203 ",
  author  = "T. {R. Gentile} and C. {B. Crawford}"
}

@article{Plaster2012,
  title   = "Measurements of the neutron $\beta$-asymmetry parameter {$A_0$} with ultracold neutrons",
  journal = "Physical Review C",
  volume  = "86",
  pages   = "055501",
  year    = "2012",
  doi     = "http://dx.doi.org/10.1103/PhysRevC.86.055501",
  author  = "B. {Plaster \textit{et al}.}"
}
